@online{WranglerHome,
  title = {Wrangler Home Page},
  url = {https://www.cs.kent.ac.uk/projects/wrangler/Wrangler/Home.html}
}

@online{WranglerGitHub,
  title = {Wrangler GitHub Page},
  url = {https://github.com/RefactoringTools/wrangler}
}

@online{GitCloneTutorial,
  title = {Cloning a repository},
  author = {GitHub Docs},
  url = {https://docs.github.com/en/repositories/creating-and-managing-repositories/cloning-a-repository}
}

@online{VSCodeRequirements,
  title = {Requirements for Visual Studio Code},
  url = {https://code.visualstudio.com/Docs/supporting/requirements},
  urldate = {2022-05-07}
}

@online{VSCodeDownload,
  title = {Download Visual Studio Code},
  url = {https://code.visualstudio.com/docs/setup/setup-overview}
}

@online{ELSExtension,
  title = {Erlang LS},
  author = {Visual Studio Marketplace},
  url = {https://marketplace.visualstudio.com/items?itemName=erlang-ls.erlang-ls}
 }
 
@online{ELSInstall,
  title = {Getting Started},
  author = {Erlang LS},
  url = {https://erlang-ls.github.io/getting-started/overview/}
}
 
@online{ELSConfig,
  title = {Configuration},
  author = {Erlang LS},
  url = {https://erlang-ls.github.io/configuration/}
}


@online{ELSHome,
  title = {Erlang LS},
  url = {https://erlang-ls.github.io/}
}


@online{DevSurvey,
  author = {Stack Overflow},
  title = {Developer Survey Results},
  year = 2019,
  url = {https://insights.stackoverflow.com/survey/2019#development-environments-and-tools}
}